@book{bathe2007finite,
  title={Finite element method},
  author={Bathe, Klaus-J{\"u}rgen},
  journal={Wiley encyclopedia of computer science and engineering},
  pages={1--12},
  year={2007},
  publisher={Wiley Online Library}
}

